
@misc{rdtscpm1,
title= "{Using the RDTSC Instruction for Performance Monitoring}",
}

